@article{DeepVisualAlignmentsFei,
  author    = {Andrej Karpathy and
               Fei{-}Fei Li},
  title     = {Deep Visual-Semantic Alignments for Generating Image Descriptions},
  journal   = {CoRR},
  volume    = {abs/1412.2306},
  year      = {2014},
  url       = {http://arxiv.org/abs/1412.2306},
  timestamp = {Mon, 01 Jun 2015 08:26:33 +0200},
  biburl    = {http://dblp.uni-trier.de/rec/bib/journals/corr/KarpathyF14},
  bibsource = {dblp computer science bibliography, http://dblp.org}
}
